%% This BibTeX bibliography file was created using BibDesk.
%% http://bibdesk.sourceforge.net/

%% Created for Dan Yurovsky at 2019-02-01 09:54:34 -0600 


%% Saved with string encoding Unicode (UTF-8) 



@article{meltzoff2005,
	Author = {Meltzoff, Andrew N},
	Date-Added = {2019-02-01 09:54:33 -0600},
	Date-Modified = {2019-02-01 09:54:34 -0600},
	Journal = {Perspectives on imitation: From neuroscience to social science},
	Pages = {55--77},
	Title = {Imitation and other minds: The ``like me'' hypothesis},
	Volume = {2},
	Year = {2005}}

@article{markman1988,
	Author = {Markman, Ellen M and Wachtel, Gwyn F},
	Date-Added = {2019-02-01 09:45:20 -0600},
	Date-Modified = {2019-02-01 09:45:20 -0600},
	Journal = {Cognitive psychology},
	Number = {2},
	Pages = {121--157},
	Publisher = {Elsevier},
	Title = {Children's use of mutual exclusivity to constrain the meanings of words},
	Volume = {20},
	Year = {1988}}

@article{luce1959,
	Author = {Luce, R Duncan},
	Date-Added = {2019-02-01 09:38:29 -0600},
	Date-Modified = {2019-02-01 09:38:29 -0600},
	Publisher = {John Wiley},
	Title = {Individual choice behavior.},
	Year = {1959}}

@book{austin1975,
	Author = {Austin, John Langshaw},
	Date-Added = {2019-02-01 09:10:44 -0600},
	Date-Modified = {2019-02-01 09:10:45 -0600},
	Publisher = {Oxford university press},
	Title = {How to do things with words},
	Volume = {88},
	Year = {1975}}

@inproceedings{yurovsky2016,
	Author = {Yurovsky, Daniel and Doyle, Gabriel and Frank, M C},
	Booktitle = {Proceedings of the Annual Meeting of the Cognitive Science Society},
	Date-Added = {2019-01-31 17:53:28 -0600},
	Date-Modified = {2019-01-31 17:53:29 -0600},
	Month = jul,
	Pages = {2093--2098},
	Title = {{Linguistic input is tuned to children{\textquoteright}s developmental level}},
	Year = {2016}}

@article{goldin-meadow2014,
	Author = {Goldin-Meadow, Susan and Levine, Susan C and Hedges, Larry V and Huttenlocher, Janellen and Raudenbush, Stephen W and Small, Steven L},
	Date-Added = {2019-01-31 17:51:21 -0600},
	Date-Modified = {2019-01-31 17:51:21 -0600},
	Journal = {American Psychologist},
	Number = {6},
	Pages = {588--599},
	Title = {{New evidence about language and cognitive development based on a longitudinal study: Hypotheses for intervention.}},
	Volume = {69},
	Year = {2014}}

@article{frank2012,
	Author = {Frank, M C and Goodman, N D},
	Date-Added = {2018-01-31 18:46:22 +0000},
	Date-Modified = {2018-01-31 18:46:23 +0000},
	Journal = {Science},
	Month = may,
	Number = {6084},
	Pages = {998--998},
	Title = {{Predicting Pragmatic Reasoning in Language Games}},
	Volume = {336},
	Year = {2012}}

@article{kaelbling1998,
	Author = {Kaelbling, Leslie Pack and Littman, Michael L and Cassandra, Anthony R},
	Date-Added = {2018-01-27 17:26:38 +0000},
	Date-Modified = {2018-01-27 17:26:39 +0000},
	Journal = {Artificial Intelligence},
	Month = may,
	Pages = {99--134},
	Title = {{Planning and acting in partially observable stochastic domains}},
	Volume = {101},
	Year = {1998}}

@incollection{brown1977,
	Author = {Brown, Roger},
	Booktitle = {Talking to children: Language input and interaction},
	Date-Added = {2017-12-19 14:56:03 +0000},
	Date-Modified = {2017-12-19 14:56:03 +0000},
	Editor = {Snow, Catherine E and Ferguson, C A},
	Publisher = {Cambridge, MA.: MIT Press},
	Title = {Introduction},
	Year = {1977}}

@article{yurovsky2017,
	Author = {Yurovsky, Daniel},
	Date-Added = {2017-12-19 14:50:37 +0000},
	Date-Modified = {2017-12-19 14:50:37 +0000},
	Journal = {New Ideas in Psychology},
	Month = sep,
	Pages = {1--7},
	Title = {{A communicative approach to early word learning}},
	Year = {2017}}

@article{vogt2012,
	Author = {Vogt, Paul},
	Date-Added = {2017-12-19 14:22:29 +0000},
	Date-Modified = {2017-12-19 14:22:29 +0000},
	Journal = {Cognitive Science},
	Number = {4},
	Pages = {726--739},
	Publisher = {Wiley Online Library},
	Title = {Exploring the Robustness of Cross-Situational Learning Under Zipfian Distributions},
	Volume = {36},
	Year = {2012}}

@article{blythe2010,
	Author = {Blythe, Richard A. and Smith, Kenny and Smith, Andrew D. M.},
	Date-Added = {2017-12-19 14:22:26 +0000},
	Date-Modified = {2017-12-19 14:22:26 +0000},
	File = {:C$\backslash$:/Users/Dan/Documents/My Dropbox/Mendeley/Blythe, Smith, Smith - Cognitive Science - 2010.pdf:pdf},
	Issn = {03640213},
	Journal = {Cognitive Science},
	Keywords = {cross-situational learning,fast,lexicon learning time,slow mapping,world learning},
	Pages = {620--642},
	Title = {{Learning times for large lexicons through cross-situational learning}},
	Volume = {34},
	Year = {2010},
	Bdsk-Url-1 = {http://dx.doi.org/10.1111/j.1551-6709.2009.01089.x}}

@article{smith2013,
	Author = {Smith, Linda B and Yu, C},
	Date-Added = {2017-12-19 14:19:12 +0000},
	Date-Modified = {2017-12-19 14:19:13 +0000},
	Journal = {Language Learning and Development},
	Pages = {25--49},
	Title = {{Visual attention is not enough: Individual differences in statistical word-referent learning in infants}},
	Volume = {9},
	Year = {2013}}

@article{vlach2013,
	Author = {Vlach, Haley A and Johnson, Scott P},
	Date-Added = {2017-12-19 14:17:58 +0000},
	Date-Modified = {2017-12-19 14:17:58 +0000},
	Journal = {Cognition},
	Number = {3},
	Pages = {375--382},
	Publisher = {Elsevier},
	Title = {Memory constraints on infants cross-situational statistical learning},
	Volume = {127},
	Year = {2013}}

@article{smith2008,
	Author = {Smith, Linda B and Yu, Chen},
	Date-Added = {2017-12-19 14:15:44 +0000},
	Date-Modified = {2017-12-19 14:15:44 +0000},
	File = {:C$\backslash$:/Users/Dan/Documents/My Dropbox/Mendeley/Smith, Yu - Cognition - 2008.pdf:pdf},
	Journal = {Cognition},
	Keywords = {development,infant learning,language acquisition,statistical learning,word learning},
	Pages = {1558--1568},
	Title = {{Infants rapidly learn word-referent mappings via cross-situational statistics}},
	Volume = {106},
	Year = {2008}}

@article{saffran2003,
	Author = {Saffran, Jenny R},
	Date-Added = {2017-12-19 14:14:54 +0000},
	Date-Modified = {2017-12-19 14:14:56 +0000},
	Journal = {Current Directions in Psychological Science},
	Number = {4},
	Pages = {110--114},
	Title = {{Statistical language learning: Mechanisms and constraints}},
	Volume = {12},
	Year = {2003}}

@article{newport1990,
	Author = {Newport, Elissa L},
	Date-Added = {2017-12-19 14:09:27 +0000},
	Date-Modified = {2017-12-19 14:09:37 +0000},
	Journal = {Cognitive Science},
	Month = jan,
	Number = {1},
	Pages = {11--28},
	Title = {{Maturational Constraints on Language Learning}},
	Volume = {14},
	Year = {1990}}

@article{eaves-jr2016,
	Author = {Eaves Jr, Baxter S and Feldman, Naomi H and Griffiths, Thomas L and Shafto, Patrick},
	Date-Added = {2017-12-19 14:08:51 +0000},
	Date-Modified = {2017-12-19 14:08:51 +0000},
	Journal = {Psychological review},
	Number = {6},
	Pages = {758},
	Publisher = {American Psychological Association},
	Title = {Infant-directed speech is consistent with teaching.},
	Volume = {123},
	Year = {2016}}

@book{bloom2000,
	Author = {Bloom, Paul},
	Date-Added = {2017-12-19 14:08:16 +0000},
	Date-Modified = {2017-12-19 14:08:16 +0000},
	Publisher = {MIT press: Cambridge, MA},
	Title = {How children learn the meanings of words},
	Year = {2000}}

@incollection{newport1977,
	Author = {Newport, Elissa L and Gleitman, H and Gleitman, Lila R},
	Booktitle = {Talking to children Language input and interaction},
	Date-Added = {2017-12-19 14:08:05 +0000},
	Date-Modified = {2017-12-19 14:08:05 +0000},
	Editor = {Ferguson, C A},
	Pages = {109--149},
	Publisher = {Cambridge University Press},
	Title = {Mother, {I}'d rather do it myself: Some effects and non-effects of maternal speech style},
	Year = {1977}}

@article{mcmurray2013,
	Author = {McMurray, Bob and Kovack-Lesh, Kristine A and Goodwin, Dresden and McEchron, William},
	Date-Added = {2017-12-19 14:07:54 +0000},
	Date-Modified = {2017-12-19 14:07:54 +0000},
	Journal = {Cognition},
	Number = {2},
	Pages = {362--378},
	Publisher = {Elsevier},
	Title = {Infant directed speech and the development of speech perception: Enhancing development or an unintended consequence?},
	Volume = {129},
	Year = {2013}}
